%   ****************************************
%   * File: BIBLIOGRAPHY.BIB               *
%   ****************************************


% Taken from: http://tug.ctan.org/tex-archive/macros/latex/contrib/aguplus/sample.bib
% With minor modifications by Joshua T. Guerin for Senior Design
@misc{unrealweb,
  author = {Epic Games Inc.},
  title = {The {U}nreal {E}ngine},
  year = {2022},
  howpublished="\url{https://www.unrealengine.com/en-US}",
  urldate = {2022-09-27}
}

@misc{unrealdoc,
  author = {Epic Games Inc.},
  title = {Unreal {E}ngine 5 {D}ocumentation},
  year = {2022},
  howpublished="\url{https://docs.unrealengine.com/5.0/en-US/unreal-engine-5.0-release-notes/}",
  urldate = {2022-08-28}
}

@misc{dungeonplugin,
	author = {BenPyton},
	title = {Procedural {D}ungeon {P}lugin},
	year = {2019},
	howpublished="\url{https://github.com/BenPyton/ProceduralDungeon}",
	urldate = {2022-09-27}
}

@misc{milanote,
	author = {Milanote},
	title = {Milanote},
	year = {2019},
	howpublished="\url{https://milanote.com}",
	urldate = {2022-09-11}
}

@misc{humble,
	author = {Humble Bundle},
	title = {SFX and {M}usic for {Y}our {G}ames},
	year = {2022},
	howpublished="\url{https://www.humblebundle.com/software/sfx-and-music-for-your-games-software}",
	urldate = {2022-08-28}
}

@misc{itch,
	author = {itch.io},
	title = {itch.io},
	year = {2022},
	howpublished="\url{https://itch.io/}",
	urldate = {2022-08-28}
}

@misc{gitlfs,
	author = {GitHub},
	title = {Git {L}arge {F}ile {S}torage},
	year = {2014},
	howpublished="\url{https://git-lfs.github.com/}",
	urldate = {2022-08-28}
}

@misc{youtube,
	author = {Alphabet Inc.},
	title = {YouTube},
	year = {2005},
	howpublished="\url{https://www.youtube.com/}",
	urldate = {2022-08-28}
}

@misc{doom,
	author = {id Software},
	title = {{DOOM} (1993)},
	year = {1995},
	howpublished="\url{https://store.steampowered.com/app/2280/DOOM_1993/}",
	urldate = {2022-12-02}
}

@misc{isaac,
	author = {{Nicalis, Inc.} and Edmund McMillen},
	title = "The {B}inding of {I}saac: Rebirth",
	year = {2014},
	howpublished="\url{https://store.steampowered.com/app/250900/The_Binding_of_Isaac_Rebirth/}",
	urldate = {2022-12-02}
}

@misc{paranautical,
	author = {Digerati},
	title = {Paranautical {A}ctivity: Deluxe {A}tonement {E}dition},
	year = {2013},
	howpublished="\url{https://store.steampowered.com/app/250580/Paranautical_Activity_Deluxe_Atonement_Edition/}",
	urldate = {2022-12-02}
}